@misc{mtg-wikipedia,
    author = {Wikipedia},
    howpublished = {\url{https://en.wikipedia.org/wiki/Magic:_The_Gathering}},
    title = {{Magic: The Gathering}},
    note = {Accessed: 2021-04-16}
}

@mastersthesis{bjorke2017deckbuilding,
  title={Deckbuilding in magic: The gathering using a genetic algorithm},
  author={Bj{\o}rke, Sverre Johann and Fludal, Knut Aron},
  year={2017},
  school={NTNU}
}

@article{vsvelch2020mediatization,
  title={Mediatization of a card game: Magic: The Gathering, esports, and streaming},
  author={{\v{S}}velch, Jan},
  journal={Media, Culture \& Society},
  volume={42},
  number={6},
  pages={838--856},
  year={2020},
  publisher={SAGE Publications Sage UK: London, England}
}
