@techreport{page1999pagerank,
    title={The PageRank citation ranking: Bringing order to the web.},
    author={Page, Lawrence and Brin, Sergey and Motwani, Rajeev and
            Winograd, Terry},
    year={1999},
    institution={Stanford InfoLab}
}

@book{diestel2005graph,
  title={Graph theory (Graduate texts in mathematics)},
  author={Diestel, Reinhard},
  volume={173},
  year={2005},
  publisher={Springer Heidelberg}
}
