@book{rosenhouse2009monty,
  title={The Monty Hall problem: the remarkable story of Math's most contentious brain teaser},
  author={Rosenhouse, Jason},
  year={2009},
  publisher={Oxford University Press}
}
