@misc{who,
  title = {Measles vaccination has saved an estimated 17.1 million lives since 2000},
  howpublished = {\url{http://www.who.int/news-room/detail/12-11-2015-measles-vaccination-has-saved-an-estimated-17-1-million-lives-since-2000}},
  note = {Accessed: 2018-09-04}
}

@article{harko2014exact,
  title={Exact analytical solutions of the Susceptible-Infected-Recovered (SIR) epidemic model and of the SIR model with equal death and birth rates},
  author={Harko, Tiberiu and Lobo, Francisco SN and Mak, MK},
  journal={Applied Mathematics and Computation},
  volume={236},
  pages={184--194},
  year={2014},
  publisher={Elsevier}
}


@article{radhakrishnan1993description,
  title={Description and use of LSODE, the Livermore solver for ordinary differential equations},
  author={Radhakrishnan, Krishnan and Hindmarsh, Alan C},
  year={1993}
}

